<collection xmlns="http://www.loc.gov/MARC21/slim">
<record>
  <leader>00938nam0a22002291i 450 </leader>
  <controlfield tag="001">IT\ICCU\CNCE\037967</controlfield>
  <controlfield tag="005">20100316000000.0</controlfield>
  <datafield tag="012" ind1=" " ind2=" ">
    <subfield code="a">1119 9649 o,z. AIAI (3) 1550 (R)</subfield>
    <subfield code="2">fei</subfield>
  </datafield>
  <datafield tag="100" ind1=" " ind2=" ">
    <subfield code="a">19981023d1550        0itac0103    ba</subfield>
  </datafield>
  <datafield tag="101" ind1=" " ind2=" ">
    <subfield code="a">LAT</subfield>
  </datafield>
  <datafield tag="102" ind1=" " ind2=" ">
    <subfield code="a">IT</subfield>
  </datafield>
  <datafield tag="200" ind1="1" ind2=" ">
    <subfield code="a">℗L. Io. Scoppae ℗Spicilegium ... Omnibus nunc recens emaculatis ...</subfield>
  </datafield>
  <datafield tag="210" ind1=" " ind2=" ">
    <subfield code="e">Venetiis</subfield>
    <subfield code="g">apud haeredes Petri Rauani et socios</subfield>
    <subfield code="h">mense Martii 1550</subfield>
  </datafield>
  <datafield tag="215" ind1=" " ind2=" ">
    <subfield code="a">\72!, 364, \4!, 460, \84! p.</subfield>
    <subfield code="d">8ʻ</subfield>
  </datafield>
  <datafield tag="620" ind1=" " ind2=" ">
    <subfield code="a">IT</subfield>
    <subfield code="d">Venezia</subfield>
  </datafield>
  <datafield tag="700" ind1=" " ind2="1">
    <subfield code="a">Scoppa,</subfield>
    <subfield code="b">Lucio Giovanni</subfield>
    <subfield code="3">IT\ICCU\CNCA\003172</subfield>
  </datafield>
  <datafield tag="712" ind1="0" ind2="0">
    <subfield code="a">Ravani, Pietro - eredi &amp; C.</subfield>
    <subfield code="3">IT\ICCU\CNCT\002927</subfield>
    <subfield code="4">650</subfield>
  </datafield>
  <datafield tag="790" ind1=" " ind2="1">
    <subfield code="a">Scoppa,</subfield>
    <subfield code="b">Lucius Johannes</subfield>
    <subfield code="3">IT\ICCU\CNCA\015211</subfield>
    <subfield code="z">Scoppa, Lucio Giovanni</subfield>
  </datafield>
  <datafield tag="801" ind1=" " ind2="3">
    <subfield code="a">IT</subfield>
    <subfield code="b">ICCU</subfield>
    <subfield code="c">20201114</subfield>
  </datafield>
  <datafield tag="899" ind1=" " ind2=" ">
    <subfield code="a">Biblioteca comunale. Foligno</subfield>
    <subfield code="1">PG0035</subfield>
    <subfield code="2">UM1 04</subfield>
  </datafield>
  <datafield tag="899" ind1=" " ind2=" ">
    <subfield code="a">Biblioteca comunale Giovanni Verga. Ragusa</subfield>
    <subfield code="1">RG0010</subfield>
    <subfield code="2">ZRG 04</subfield>
  </datafield>
  <datafield tag="899" ind1=" " ind2=" ">
    <subfield code="a">Biblioteca provinciale. Salerno</subfield>
    <subfield code="z">MUTILO</subfield>
    <subfield code="1">SA0063</subfield>
    <subfield code="2">CAM PS</subfield>
  </datafield>
</record>
</collection>
